<record><leader>00000cas a22000007a 4500</leader><controlfield tag="001">15161550</controlfield><controlfield tag="008">870206d18731875paudn ne      0    0eng d</controlfield><datafield ind1=" " ind2=" " tag="010"><subfield code="a">sn 87079967 </subfield></datafield><datafield ind1=" " ind2=" " tag="040"><subfield code="a">NPH</subfield><subfield code="b">eng</subfield><subfield code="c">NPH</subfield><subfield code="d">OCLCQ</subfield></datafield><datafield ind1=" " ind2=" " tag="042"><subfield code="a">msc</subfield></datafield><datafield ind1="0" ind2=" " tag="130"><subfield code="a">Johnstown tribune (Johnstown, Pa. : 1873 : Daily)</subfield></datafield><datafield ind1="1" ind2="0" tag="245"><subfield code="a">Johnstown tribune.</subfield></datafield><datafield ind1="3" ind2="0" tag="246"><subfield code="a">Tribune</subfield></datafield><datafield ind1=" " ind2=" " tag="260"><subfield code="a">Johnstown [Pa.] :</subfield><subfield code="b">Geo[rge Thompson] Swank,</subfield><subfield code="c">-1875.</subfield></datafield><datafield ind1=" " ind2=" " tag="300"><subfield code="a">v.</subfield></datafield><datafield ind1=" " ind2=" " tag="310"><subfield code="a">Daily (except Friday)</subfield></datafield><datafield ind1="1" ind2=" " tag="362"><subfield code="a">Began with Mar. 3, 1873 issue?</subfield></datafield><datafield ind1="0" ind2=" " tag="362"><subfield code="a">-v. 2, no. 314 (Mar. 2, 1875).</subfield></datafield><datafield ind1=" " ind2=" " tag="588"><subfield code="a">Description based on: Vol. 1, no. 2 (Mar. 4, 1873).</subfield></datafield><datafield ind1=" " ind2=" " tag="752"><subfield code="a">United States</subfield><subfield code="b">Pennsylvania</subfield><subfield code="c">Cambria</subfield><subfield code="d">Johnstown.</subfield></datafield><datafield ind1="0" ind2=" " tag="775"><subfield code="t">Johnstown tribune (Johnstown, Pa. : 1864 : Weekly)</subfield><subfield code="w">(DLC)sn 85033283</subfield></datafield><datafield ind1="0" ind2="0" tag="785"><subfield code="t">Johnstown daily tribune</subfield><subfield code="w">(DLC)sn 86053566</subfield></datafield></record>